@article{upper1974unsuccessful,
  title={The unsuccessful self-treatment of a case of “writer's block“},
  author={Upper, Dennis},
  journal={Journal of Applied Behavior Analysis},
  volume={7},
  number={3},
  pages={497--497},
  year={1974},
  publisher={Wiley Online Library}
}


@article{didden2007multisite,
  title={A multisite cross-cultural replication of Upper's (1974) unsuccessful self-treatment of writer's block},
  author={Didden, Robert and Sigafoos, Jeff and O'Reilly, Mark F and Lancioni, Giulio E and Sturmey, Peter},
  journal={Journal of applied behavior analysis},
  volume={40},
  number={4},
  pages={773--773},
  year={2007},
  publisher={Wiley Online Library}
}
